<?xml version='1.0' encoding='utf-8'?>
<record xmlns="http://www.loc.gov/MARC21/slim" xmlns:xsi="http://www.w3.org/2001/XMLSchema-instance">
  <leader>^^^^^cas^a2200481^a^4500</leader>
  <controlfield tag="001">004138837</controlfield>
  <controlfield tag="005">20010703000000.0</controlfield>
  <controlfield tag="008">010122d18801882iluwr^p^a^^^^^0uuu^0eng^d</controlfield>
  <datafield tag="010" ind1=" " ind2=" ">
    <subfield code="a">sn 88043957</subfield>
  </datafield>
  <datafield tag="035" ind1=" " ind2=" ">
    <subfield code="a">(OCoLC)ocm10834412</subfield>
  </datafield>
  <datafield tag="035" ind1=" " ind2=" ">
    <subfield code="9">(XC)AMN6438</subfield>
  </datafield>
  <datafield tag="040" ind1=" " ind2=" ">
    <subfield code="a">CRL</subfield>
    <subfield code="c">CRL</subfield>
    <subfield code="d">MiU-H</subfield>
  </datafield>
  <datafield tag="042" ind1=" " ind2=" ">
    <subfield code="a">lcd</subfield>
  </datafield>
  <datafield tag="099" ind1=" " ind2=" ">
    <subfield code="a">CRL</subfield>
  </datafield>
  <datafield tag="130" ind1="0" ind2=" ">
    <subfield code="a">Signal (Chicago, Ill.)</subfield>
  </datafield>
  <datafield tag="245" ind1="0" ind2="4">
    <subfield code="a">The signal</subfield>
    <subfield code="h">[microform].</subfield>
  </datafield>
  <datafield tag="260" ind1=" " ind2=" ">
    <subfield code="a">[Chicago :</subfield>
    <subfield code="b">Temperance Publication Association of Illinois,</subfield>
    <subfield code="c">1880-1882]</subfield>
  </datafield>
  <datafield tag="300" ind1=" " ind2=" ">
    <subfield code="a">3 v. ;</subfield>
    <subfield code="c">33 cm.</subfield>
  </datafield>
  <datafield tag="310" ind1=" " ind2=" ">
    <subfield code="a">Weekly</subfield>
  </datafield>
  <datafield tag="362" ind1="0" ind2=" ">
    <subfield code="a">Vol. 1, no. 1 (Jan. 15, 1880)-v. 3, no. 49 (Dec. 28, 1882).</subfield>
  </datafield>
  <datafield tag="500" ind1=" " ind2=" ">
    <subfield code="a">Title from cover.</subfield>
  </datafield>
  <datafield tag="500" ind1=" " ind2=" ">
    <subfield code="a">Published by: Woman's Temperance Publication Association, 1881-1882.</subfield>
  </datafield>
  <datafield tag="515" ind1=" " ind2=" ">
    <subfield code="a">Issues for Jan. 5 and Jan. 12, 1882 both numbered v. 3, no. 1.</subfield>
  </datafield>
  <datafield tag="515" ind1=" " ind2=" ">
    <subfield code="a">Issues for July 20-27, 1882 not published.</subfield>
  </datafield>
  <datafield tag="530" ind1=" " ind2=" ">
    <subfield code="a">Available on microfilm from the State Historical Society of Wisconsin.</subfield>
  </datafield>
  <datafield tag="550" ind1=" " ind2=" ">
    <subfield code="a">Organ of: Illinois W.C.T.U., 1880-1882; Iowa W.C.T.U., Oct. 27, 1881-1882; Missouri W.C.T.U., May 11-Dec. 1882.</subfield>
  </datafield>
  <datafield tag="580" ind1=" " ind2=" ">
    <subfield code="a">Also issued in a condensed ed. as: Monthly signal.</subfield>
  </datafield>
  <datafield tag="580" ind1=" " ind2=" ">
    <subfield code="a">Merged with: Our union, to form: The Union signal.</subfield>
  </datafield>
  <datafield tag="650" ind1=" " ind2="0">
    <subfield code="a">Temperance</subfield>
    <subfield code="v">Periodicals.</subfield>
  </datafield>
  <datafield tag="650" ind1=" " ind2="0">
    <subfield code="a">Alcoholism</subfield>
    <subfield code="v">Periodicals.</subfield>
  </datafield>
  <datafield tag="650" ind1=" " ind2="0">
    <subfield code="a">Prohibition</subfield>
    <subfield code="v">Periodicals.</subfield>
  </datafield>
  <datafield tag="710" ind1="2" ind2=" ">
    <subfield code="a">Temperance Publication Association of Illinois.</subfield>
  </datafield>
  <datafield tag="710" ind1="2" ind2=" ">
    <subfield code="a">Woman's Temperance Publication Association.</subfield>
  </datafield>
  <datafield tag="710" ind1="2" ind2=" ">
    <subfield code="a">Woman's Christian Temperance Union of Illinois.</subfield>
  </datafield>
  <datafield tag="710" ind1="2" ind2=" ">
    <subfield code="a">Woman's Christian Temperance Union of Iowa.</subfield>
  </datafield>
  <datafield tag="710" ind1="2" ind2=" ">
    <subfield code="a">Woman's Christian Temperance Union of the State of Missouri.</subfield>
  </datafield>
  <datafield tag="775" ind1="1" ind2=" ">
    <subfield code="t">Monthly signal</subfield>
  </datafield>
  <datafield tag="776" ind1="1" ind2=" ">
    <subfield code="t">Signal (Chicago, Ill.)</subfield>
    <subfield code="w">(OCoLC)10980432</subfield>
  </datafield>
  <datafield tag="785" ind1="1" ind2="7">
    <subfield code="t">Our union</subfield>
    <subfield code="w">(OCoLC)18181884</subfield>
  </datafield>
  <datafield tag="785" ind1="1" ind2="7">
    <subfield code="t">Union signal</subfield>
    <subfield code="w">(DLC)sn 78001786</subfield>
    <subfield code="w">(OCoLC)1767985</subfield>
  </datafield>
  <datafield tag="852" ind1="8" ind2=" ">
    <subfield code="a">MiU-H</subfield>
    <subfield code="b">BENT</subfield>
    <subfield code="h">85348 Temp. and Proh. papers Ser.22</subfield>
  </datafield>
  <datafield tag="998" ind1=" " ind2=" ">
    <subfield code="c">LAC</subfield>
  </datafield>
  <datafield tag="955" ind1=" " ind2=" ">
    <subfield code="b">BENT</subfield>
    <subfield code="p">B1743218</subfield>
  </datafield>
</record>
